<record>
  <leader>     cas0 22        450 </leader>
  <controlfield tag="001">13282261X</controlfield>
  <controlfield tag="002">98,172,202</controlfield>
  <controlfield tag="003">http://www.sudoc.fr/13282261X</controlfield>
  <controlfield tag="004">20090417</controlfield>
  <controlfield tag="005">20151002222732.000</controlfield>
  <controlfield tag="006">751052304</controlfield>
  <controlfield tag="007">1999</controlfield>
  <controlfield tag="008">Abx3</controlfield>
  <datafield tag="011" ind1="1" ind2=" ">
    <subfield code="a">2100-1456</subfield>
    <subfield code="f">2100-1456</subfield>
  </datafield>
  <datafield tag="033" ind1=" " ind2=" ">
    <subfield code="a">www.abes.fr</subfield>
    <subfield code="2">ABES</subfield>
  </datafield>
  <datafield tag="033" ind1=" " ind2=" ">
    <subfield code="a">www.idref.fr</subfield>
  </datafield>
  <datafield tag="035" ind1=" " ind2=" ">
    <subfield code="a">(OCoLC)473129163</subfield>
  </datafield>
  <datafield tag="035" ind1=" " ind2=" ">
    <subfield code="a">issn21001456</subfield>
  </datafield>
  <datafield tag="100" ind1=" " ind2=" ">
    <subfield code="a">20090417b2009201 u  y0frey50      ba</subfield>
  </datafield>
  <datafield tag="101" ind1="0" ind2=" ">
    <subfield code="a">fre</subfield>
  </datafield>
  <datafield tag="102" ind1=" " ind2=" ">
    <subfield code="a">FR</subfield>
  </datafield>
  <datafield tag="105" ind1=" " ind2=" ">
    <subfield code="a">y   |||||||||</subfield>
  </datafield>
  <datafield tag="106" ind1=" " ind2=" ">
    <subfield code="a">r</subfield>
  </datafield>
  <datafield tag="110" ind1=" " ind2=" ">
    <subfield code="a">ahu|||||uu|</subfield>
  </datafield>
  <datafield tag="200" ind1="1" ind2=" ">
    <subfield code="a">Auvergne environnement</subfield>
    <subfield code="a">Test second titre</subfield>
    <subfield code="b">Texte imprimé</subfield>
    <subfield code="c">Titre from different author</subfield>
    <subfield code="c">Test second titre</subfield>
    <subfield code="d">Titre parallèle</subfield>
    <subfield code="d">Test second titre</subfield>
    <subfield code="e">magazine trimestriel des associations pour la nature et l&apos;environnement</subfield>
    <subfield code="e">Test second titre</subfield>
    <subfield code="f">Fédération de la région Auvergne pour la nature et l&apos;environnement et l&apos;ensemble des associations affiliées</subfield>
    <subfield code="f">Test second titre</subfield>
    <subfield code="g">[directeur de la publication Jacques Debeaud]</subfield>
    <subfield code="g">Test second titre</subfield>
    <subfield code="i">Titre de section</subfield>
    <subfield code="i">Test second titre</subfield>
  </datafield>
  <datafield tag="207" ind1=" " ind2="0">
    <subfield code="a"> N° 111 (1er trimestre 2009)-no. 121 (2012)</subfield>
  </datafield>
  <datafield tag="210" ind1=" " ind2=" ">
    <subfield code="a">Dompierre-sur-Besbre</subfield>
    <subfield code="b">Maison des associations, 216 av. de la Gare ; 03290</subfield>
    <subfield code="c">Fédération Allier Nature, FAN</subfield>
    <subfield code="c">Test editeur 2</subfield>
    <subfield code="d">2009-2010</subfield>
  </datafield>
  <datafield tag="210" ind1="" ind2="">
    <subfield code="a">Test editeur 2 prime</subfield>
    <subfield code="c">Test editeur 2 prime</subfield>
  </datafield>
  <datafield tag="430" ind1=" " ind2="|">
    <subfield code="0">039454002</subfield>
    <subfield code="t">Naturallier</subfield>
    <subfield code="x">0293-1508</subfield>
  </datafield>
  <datafield tag="530" ind1="0" ind2=" ">
    <subfield code="a">Auvergne environnement</subfield>
    <subfield code="b">Key title qualifier</subfield>
  </datafield>
  <datafield tag="531" ind1="0" ind2=" ">
    <subfield code="a">Autre titre</subfield>
  </datafield>
  <datafield tag="531" ind1="" ind2="">
    <subfield code="a">Test autre titre clé</subfield>
  </datafield>
  <datafield tag="676" ind1=" " ind2=" ">
    <subfield code="a">363.700 9445</subfield>
    <subfield code="v">22</subfield>
  </datafield>
  <datafield tag="676" ind1=" " ind2=" ">
    <subfield code="a">639.909 445</subfield>
    <subfield code="v">22</subfield>
  </datafield>
  <datafield tag="710" ind1="0" ind2="2">
    <subfield code="a">Fédération de la région Auvergne pour la nature et l&apos;environnement</subfield>
    <subfield code="4">070</subfield>
  </datafield>
  <datafield tag="801" ind1=" " ind2="3">
    <subfield code="a">FR</subfield>
    <subfield code="b">Abes</subfield>
    <subfield code="c">20151002</subfield>
    <subfield code="g">AFNOR</subfield>
  </datafield>
  <datafield tag="801" ind1=" " ind2="3">
    <subfield code="a">FR</subfield>
    <subfield code="b">ISSN</subfield>
    <subfield code="c">20150901</subfield>
  </datafield>
  <datafield tag="802" ind1=" " ind2=" ">
    <subfield code="a">07</subfield>
  </datafield>
  <datafield tag="930" ind1=" " ind2=" ">
    <subfield code="5">751052304:363392556</subfield>
    <subfield code="b">751052304</subfield>
    <subfield code="a">Pr 6384</subfield>
    <subfield code="j">f</subfield>
  </datafield>
  <datafield tag="955" ind1="4" ind2="1">
    <subfield code="5">751052304:363392556</subfield>
    <subfield code="b">111</subfield>
    <subfield code="i">2009</subfield>
    <subfield code="b">118</subfield>
    <subfield code="i">2010</subfield>
    <subfield code="r">no. 111 (2009) - no. 118  (2010)</subfield>
  </datafield>
  <datafield tag="940" ind1=" " ind2=" ">
    <subfield code="5">751052304:363392556</subfield>
    <subfield code="a">20090417</subfield>
    <subfield code="b">xO</subfield>
  </datafield>
  <datafield tag="941" ind1=" " ind2=" ">
    <subfield code="5">751052304:363392556</subfield>
    <subfield code="a">20130923</subfield>
    <subfield code="b">10:26:41.000</subfield>
  </datafield>
  <datafield tag="930" ind1=" " ind2=" ">
    <subfield code="5">751195202:431295026</subfield>
    <subfield code="b">751195202</subfield>
    <subfield code="j">g</subfield>
  </datafield>
  <datafield tag="955" ind1="4" ind2="1">
    <subfield code="5">751195202:431295026</subfield>
    <subfield code="i">1997</subfield>
    <subfield code="i"/>
    <subfield code="j"/>
    <subfield code="k"/>
    <subfield code="a"/>
    <subfield code="b"/>
    <subfield code="c"/>
    <subfield code="r">(1997)-....</subfield>
  </datafield>
  <datafield tag="940" ind1=" " ind2=" ">
    <subfield code="5">751195202:431295026</subfield>
    <subfield code="a">20110910</subfield>
    <subfield code="b">xO</subfield>
  </datafield>
  <datafield tag="941" ind1=" " ind2=" ">
    <subfield code="5">751195202:431295026</subfield>
    <subfield code="a">20180817</subfield>
    <subfield code="b">14:02:34.000</subfield>
  </datafield>
  <datafield tag="930" ind1=" " ind2=" ">
    <subfield code="5">631135211:41133793901</subfield>
    <subfield code="b">631135211</subfield>
    <subfield code="z">PCAuv</subfield>
    <subfield code="z">PCAq</subfield>
    <subfield code="j">f</subfield>
  </datafield>
  <datafield tag="955" ind1="4" ind2="1">
    <subfield code="5">631135211:41133793901</subfield>
    <subfield code="b">111</subfield>
    <subfield code="i">2009</subfield>
    <subfield code="b">121</subfield>
    <subfield code="i">2012</subfield>
    <subfield code="w">lac. no. 116 (2010)</subfield>
    <subfield code="r">no. 111 (2009) - no. 121  (2012) [lac. no. 116 (2010)]</subfield>
  </datafield>
  <datafield tag="940" ind1=" " ind2=" ">
    <subfield code="5">631135211:41133793901</subfield>
    <subfield code="a">20101213</subfield>
    <subfield code="b">xF</subfield>
  </datafield>
  <datafield tag="941" ind1=" " ind2=" ">
    <subfield code="5">631135211:41133793901</subfield>
    <subfield code="a">20150116</subfield>
    <subfield code="b">10:03:38.000</subfield>
  </datafield>
  <datafield tag="930" ind1=" " ind2=" ">
    <subfield code="5">631932301:46868145001</subfield>
    <subfield code="b">631932301</subfield>
    <subfield code="z">PCAuv</subfield>
    <subfield code="j">f</subfield>
  </datafield>
  <datafield tag="955" ind1="4" ind2="1">
    <subfield code="5">631932301:46868145001</subfield>
    <subfield code="i">2009</subfield>
    <subfield code="i">2014</subfield>
    <subfield code="r">(2009) - (2014)</subfield>
  </datafield>
  <datafield tag="940" ind1=" " ind2=" ">
    <subfield code="5">631932301:46868145001</subfield>
    <subfield code="a">20121130</subfield>
    <subfield code="b">xF</subfield>
  </datafield>
  <datafield tag="941" ind1=" " ind2=" ">
    <subfield code="5">631932301:46868145001</subfield>
    <subfield code="a">20170320</subfield>
    <subfield code="b">14:13:43.000</subfield>
  </datafield>
  <datafield tag="930" ind1=" " ind2=" ">
    <subfield code="5">033215101:51274287101</subfield>
    <subfield code="b">033215101</subfield>
    <subfield code="z">PCAuv</subfield>
    <subfield code="a">PER-U 65/4</subfield>
    <subfield code="j">f</subfield>
  </datafield>
  <datafield tag="955" ind1="4" ind2="1">
    <subfield code="5">033215101:51274287101</subfield>
    <subfield code="b">99</subfield>
    <subfield code="i">2009</subfield>
    <subfield code="b">118</subfield>
    <subfield code="i">2010</subfield>
    <subfield code="r">no. 99 (2009) - no. 118  (2010)</subfield>
  </datafield>
  <datafield tag="940" ind1=" " ind2=" ">
    <subfield code="5">033215101:51274287101</subfield>
    <subfield code="a">20140915</subfield>
    <subfield code="b">xF</subfield>
  </datafield>
  <datafield tag="941" ind1=" " ind2=" ">
    <subfield code="5">033215101:51274287101</subfield>
    <subfield code="a">20170221</subfield>
    <subfield code="b">14:33:29.000</subfield>
  </datafield>
</record>

